<record><leader>00000cas a22000007a 4500</leader><controlfield tag="001">13775514</controlfield><controlfield tag="008">860625c19359999nvuwr ne      0    0eng d</controlfield><datafield ind1=" " ind2=" " tag="010"><subfield code="a">sn 86076244 </subfield></datafield><datafield ind1=" " ind2=" " tag="040"><subfield code="a">NNX</subfield><subfield code="b">eng</subfield><subfield code="c">NNX</subfield><subfield code="d">OCLCQ</subfield></datafield><datafield ind1=" " ind2=" " tag="042"><subfield code="a">msc</subfield></datafield><datafield ind1="0" ind2="0" tag="245"><subfield code="a">Mineral county independent and Hawthorne news.</subfield></datafield><datafield ind1="1" ind2="3" tag="246"><subfield code="a">Mineral county independent-news</subfield></datafield><datafield ind1="1" ind2="3" tag="246"><subfield code="a">Mineral county independent</subfield></datafield><datafield ind1=" " ind2=" " tag="260"><subfield code="a">Hawthorne, Nev. :</subfield><subfield code="b">Connors and McCloskey,</subfield><subfield code="c">1935-</subfield></datafield><datafield ind1=" " ind2=" " tag="300"><subfield code="a">v. :</subfield><subfield code="b">ill.</subfield></datafield><datafield ind1=" " ind2=" " tag="310"><subfield code="a">Weekly</subfield></datafield><datafield ind1="0" ind2=" " tag="362"><subfield code="a">Vol. 3, no. 22 (July 24, 1935)-</subfield></datafield><datafield ind1=" " ind2=" " tag="500"><subfield code="a">Title varies slightly as: Mineral county independent.</subfield></datafield><datafield ind1=" " ind2=" " tag="500"><subfield code="a">Title from publisher's statement: Mineral county independent-news, &lt;Apr. 29, 1936&gt;-</subfield></datafield><datafield ind1=" " ind2=" " tag="500"><subfield code="a">Publisher: July 14, 1954-, J.R. McCloskey.</subfield></datafield><datafield ind1=" " ind2=" " tag="525"><subfield code="a">Supplements accompany some issues.</subfield></datafield><datafield ind1=" " ind2=" " tag="752"><subfield code="a">United States</subfield><subfield code="b">Nevada</subfield><subfield code="c">Mineral</subfield><subfield code="d">Hawthorne.</subfield></datafield><datafield ind1="0" ind2="4" tag="780"><subfield code="t">Mineral county independent</subfield><subfield code="w">(DLC)sn 86076225</subfield></datafield><datafield ind1="0" ind2="4" tag="780"><subfield code="t">Hawthorne news</subfield><subfield code="w">(DLC)sn 86076273</subfield></datafield></record>